@article{Deming1940,
  title={On a least squares adjustment of a sampled frequency table when the expected marginal totals are known},
  author={Deming, William Edwards and Stephan, Frederick F.},
  journal={Annals of Mathematical Statistics},
  volume={11},
  number={4},
  pages={427--444},
  year={1940}
}

@article{Kolenikov2015,
  title={Simultaneous Raking of Survey Weights at Multiple Levels},
  author={Kolenikov, Stas and Hammer, Heather},
  journal={Survey Methods: Insights from the Field},
  doi={10.13094/SMIF-2015-00010},
  year={2015}
}

@inproceedings{Niculescu2005,
  title={Predicting good probabilities with supervised learning},
  author={Niculescu-Mizil, Alexandru and Caruana, Rich},
  booktitle={Proceedings of the 22nd international conference on Machine learning},
  pages={625--632},
  year={2005}
}

@inproceedings{Guo2017,
  title={On Calibration of Modern Neural Networks},
  author={Guo, Chuan and Pleiss, Geoff and Sun, Yu and Weinberger, Kilian Q.},
  booktitle={International Conference on Machine Learning},
  year={2017}
}

@inproceedings{Agarwal2018,
  title={A Reductions Approach to Fair Classification},
  author={Agarwal, Alekh and Dud{\'\i}k, Miroslav and Kale, Satyen and Phillips, Sharad and Reddi, Sashank and Wu, Linzhao},
  booktitle={International Conference on Machine Learning},
  year={2018}
}

@techreport{Platt1999,
  title={Probabilistic Outputs for Support Vector Machines and Comparisons to Regularized Likelihood Methods},
  author={Platt, John},
  institution={Technical Report MSR-TR-1999-28, Microsoft Research},
  year={1999}
}

@inproceedings{Zadrozny2002,
  title={Transforming classifier scores into accurate multi-class probability estimates},
  author={Zadrozny, Bianca and Elkan, Charles},
  booktitle={Proceedings of the eighth ACM SIGKDD international conference on Knowledge discovery and data mining},
  pages={694--699},
  year={2002}
}

@article{Arora2012,
  title={The Multiplicative Weights Update Method: A Meta-Algorithm and Applications},
  author={Arora, Sanjeev and Hazan, Elad and Kale, Satyen},
  journal={Theory of Computing},
  volume={8},
  number={6},
  pages={121--164},
  year={2012}
}

@article{Foster2018,
  title={Blackwell Approachability and Calibration},
  author={Foster, Dean and Kakade, Sham and Rakhlin, Alexander and Sridharan, Karthik},
  journal={Journal of Machine Learning Research},
  volume={19},
  pages={1--38},
  year={2018}
}

@article{AgarwalFair2018,
  title={A Reduction of Fairness to Constrained Optimization},
  author={Agarwal, Alekh and Beygelzimer, Alina and Dud{\'\i}k, Miroslav and Langford, John and Wallach, Hanna},
  journal={Proceedings of the 35th International Conference on Machine Learning},
  year={2018}
}

